<?xml version="1.0" encoding="utf-8"?>
<record xmlns="http://www.loc.gov/MARC21/slim" xmlns:xsi="http://www.w3.org/2001/XMLSchema-instance" xsi:schemaLocation="http://www.loc.gov/MARC21/slim http://www.loc.gov/standards/marcxml/schema/MARC21slim.xsd">
	<leader>
		02314nam a2200361   4500
	</leader>
	<controlfield tag="001">
		3062922
	</controlfield>
	<controlfield tag="003">
		NNC
	</controlfield>
	<controlfield tag="006">
		m        d        
	</controlfield>
	<controlfield tag="007">
		cr cn |||m|||a
	</controlfield>
	<controlfield tag="008">
		160223m19131914ua      o     000 0 ara d
	</controlfield>
	<datafield ind1=" " ind2=" " tag="040">
		<subfield code="a">
			NNU
		</subfield>
		<subfield code="b">
			eng
		</subfield>
		<subfield code="e">
			rda
		</subfield>
		<subfield code="c">
			NNU
		</subfield>
	</datafield>
	<datafield ind1="1" ind2=" " tag="100">
		<subfield code="6">
			880-01
		</subfield>
		<subfield code="a">
			Bājī, Sulaymān ibn Khalaf,
		</subfield>
		<subfield code="d">
			1012 or 1013-1081?
		</subfield>
	</datafield>
	<datafield ind1="1" ind2="0" tag="245">
		<subfield code="6">
			880-02
		</subfield>
		<subfield code="a">
			Kitāb al-muntaqʹa sharḥ Muwaṭṭaʼ Imām Dār al-Hijrah Sayyidnā Mālik ibn Anas /
		</subfield>
		<subfield code="c">
			taʼlīf Abū al-Walīd Sulaymān ibn Khalaf al-Bājī.
		</subfield>
	</datafield>
	<datafield ind1=" " ind2=" " tag="260">
		<subfield code="6">
			880-03
		</subfield>
		<subfield code="a">
			Miṣr :
		</subfield>
		<subfield code="b">
			Maṭbaʻat al-Saʻādah,
		</subfield>
		<subfield code="c">
			1331-1332 [1913-1914]
		</subfield>
	</datafield>
	<datafield ind1=" " ind2=" " tag="300">
		<subfield code="a">
			online resource (7 volumes)
		</subfield>
	</datafield>
	<datafield ind1=" " ind2=" " tag="336">
		<subfield code="a">
			text
		</subfield>
		<subfield code="2">
			rdacontent
		</subfield>
	</datafield>
	<datafield ind1=" " ind2=" " tag="337">
		<subfield code="a">
			computer
		</subfield>
		<subfield code="2">
			rdamedia
		</subfield>
	</datafield>
	<datafield ind1=" " ind2=" " tag="338">
		<subfield code="a">
			online resource
		</subfield>
		<subfield code="2">
			rdacarrier
		</subfield>
	</datafield>
	<datafield ind1=" " ind2=" " tag="500">
		<subfield code="a">
			Part of the Arabic Collections Online (ACO) project, contributed by Columbia University Libraries.
		</subfield>
	</datafield>
	<datafield ind1=" " ind2=" " tag="533">
		<subfield code="a">
			Electronic reproduction.
		</subfield>
		<subfield code="b">
			New York, N.Y. :
		</subfield>
		<subfield code="c">
			New York University,
		</subfield>
		<subfield code="d">
			2016.
		</subfield>
		<subfield code="5">
			NNU
		</subfield>
	</datafield>
	<datafield ind1=" " ind2="0" tag="650">
		<subfield code="a">
			Islamic law.
		</subfield>
	</datafield>
	<datafield ind1=" " ind2="7" tag="650">
		<subfield code="a">
			Islamic law.
		</subfield>
		<subfield code="2">
			fast
		</subfield>
		<subfield code="0">
			(OCoLC)fst00979949
		</subfield>
	</datafield>
	<datafield ind1="0" ind2=" " tag="700">
		<subfield code="6">
			880-04
		</subfield>
		<subfield code="a">
			Mālik ibn Anas,
		</subfield>
		<subfield code="d">
			-795.
		</subfield>
		<subfield code="t">
			Muwaṭṭaʼ.
		</subfield>
	</datafield>
	<datafield ind1="2" ind2=" " tag="710">
		<subfield code="a">
			Columbia University.
		</subfield>
		<subfield code="b">
			Libraries.
		</subfield>
	</datafield>
	<datafield ind1="0" ind2=" " tag="730">
		<subfield code="a">
			Arabic Collections Online.
		</subfield>
	</datafield>
	<datafield ind1="0" ind2="8" tag="776">
		<subfield code="i">
			Print version:
		</subfield>
		<subfield code="a">
			Bājī, Sulaymān ibn Khalaf, 1012 or 1013-1081?
		</subfield>
		<subfield code="t">
			Kitāb al-muntaqʹa sharḥ Muwaṭṭaʼ Imām Dār al-Hijrah Sayyidnā Mālik ibn Anas
		</subfield>
		<subfield code="w">
			(NNC)3062922
		</subfield>
		<subfield code="w">
			(OCoLC)47747014
		</subfield>
	</datafield>
	<datafield ind1="4" ind2="0" tag="856">
		<subfield code="u">
			http://hdl.handle.net/2333.1/5qfttj26
		</subfield>
	</datafield>
	<datafield ind1="1" ind2=" " tag="880">
		<subfield code="6">
			100-01/r
		</subfield>
		<subfield code="a">
			باجي، سليمان بن خلف،
		</subfield>
		<subfield code="d">
			1012 or 1013-1081?
		</subfield>
	</datafield>
	<datafield ind1="1" ind2="0" tag="880">
		<subfield code="6">
			245-02/r
		</subfield>
		<subfield code="a">
			كتاب المنتقى شرح موطأ امام دار الهجرة سيدنا مالك بن انس /
		</subfield>
		<subfield code="c">
			تأليف ابو الوليد سليمان بن خلف الباجي.
		</subfield>
	</datafield>
	<datafield ind1=" " ind2=" " tag="880">
		<subfield code="6">
			260-03/r
		</subfield>
		<subfield code="a">
			مصر :
		</subfield>
		<subfield code="b">
			مطبعة السعادة،
		</subfield>
		<subfield code="c">
			1331-1332 [1913-1914]
		</subfield>
	</datafield>
	<datafield ind1="0" ind2=" " tag="880">
		<subfield code="6">
			700-04/r
		</subfield>
		<subfield code="a">
			مالك بن انس،
		</subfield>
		<subfield code="d">
			-795.
		</subfield>
		<subfield code="t">
			موطأ.
		</subfield>
	</datafield>
	<datafield ind1=" " ind2=" " tag="959">
		<subfield code="a">
			NNU
		</subfield>
		<subfield code="b">
			WEB
		</subfield>
		<subfield code="c">
			GENI
		</subfield>
		<subfield code="t">
			0
		</subfield>
		<subfield code="m">
			Electronic access
		</subfield>
		<subfield code="s">
			01
		</subfield>
	</datafield>
	<datafield ind1=" " ind2=" " tag="999">
		<subfield code="i">
			NNC_3062922
		</subfield>
		<subfield code="o">
			(OCoLC)ocm47747014
		</subfield>
		<subfield code="s">
			columbia_aco001585:v.1
		</subfield>
		<subfield code="s">
			columbia_aco001586:v.2
		</subfield>
		<subfield code="s">
			columbia_aco001587:v.3
		</subfield>
		<subfield code="s">
			columbia_aco001588:v.4
		</subfield>
		<subfield code="s">
			columbia_aco001589:v.5
		</subfield>
		<subfield code="s">
			columbia_aco001590:v.6
		</subfield>
		<subfield code="s">
			columbia_aco001591:v.7
		</subfield>
		<subfield code="e">
			(ERROR-880)
		</subfield>
		<subfield code="s">
			columbia_aco001585:v.1
		</subfield>
		<subfield code="s">
			columbia_aco001586:v.2
		</subfield>
		<subfield code="s">
			columbia_aco001587:v.3
		</subfield>
		<subfield code="s">
			columbia_aco001588:v.4
		</subfield>
		<subfield code="s">
			columbia_aco001589:v.5
		</subfield>
		<subfield code="s">
			columbia_aco001590:v.6
		</subfield>
		<subfield code="s">
			columbia_aco001591:v.7
		</subfield>
	</datafield>
</record>
